@article{chambers1996whole,
  title={Whole-program optimization of object-oriented languages},
  author={Chambers, Craig and Dean, Jeffrey and Grove, David},
  journal={University of Washington Seattle, Technical Report 96-06},
  volume={2},
  year={1996}
}

@phdthesis{buchman2016tendermint,
  title={Tendermint: Byzantine fault tolerance in the age of blockchains},
  author={Buchman, Ethan},
  year={2016}
}

@article{wood2014ethereum,
  title={Ethereum: A secure decentralised generalised transaction ledger},
  author={Wood, Gavin},
  journal={Ethereum project yellow paper},
  volume={151},
  pages={1--32},
  year={2014}
}

@article{poon2017plasma,
  title={Plasma: Scalable autonomous smart contracts},
  author={Poon, Joseph and Buterin, Vitalik},
  journal={White paper},
  year={2017}
}

@booklet{nakamoto,
    author   		= "Satoshi Nakamoto",
    title    		= "{Bitcoin: A Peer-to-peer Electronic Cash System.}",
    year     		= "2008",
    month    		= "Oct",
    howpublished 	= "\url{https://bitcoin.org/bitcoin.pdf}",
}

@booklet{kwon2014tendermint,
  title={Tendermint: Consensus without mining},
  author={Kwon, Jae},
   howpublished = "\url{https://tendermint.com/static/docs/tendermint.pdf}",
}

@misc{cosmoswhitepaper,
    title       = "{Cosmos: A Network of Distributed Ledgers}",
    howpublished = "\url{https://cosmos.network/resources/whitepaper}",
}

@misc{omgtendermint,
    author = "OmiseGO",
    month =        {April},
    year =         {2018},
    title       = "{O-M-forking-G!}",
    howpublished = "\url{https://blog.omisego.network/o-m-forking-g-e6925aca9c96}",
}

@booklet{tendermint10k,
  title={Tendermint: Introduction},
   howpublished = "\url{https://github.com/tendermint/tendermint/wiki/Introduction}",
}

@article{bernstein2012high,
  title={High-speed high-security signatures},
  author={Bernstein, Daniel J and Duif, Niels and Lange, Tanja and Schwabe, Peter and Yang, Bo-Yin},
  journal={Journal of Cryptographic Engineering},
  volume={2},
  number={2},
  pages={77--89},
  year={2012},
  publisher={Springer}
}

@booklet{moser2013anonymity,
  title={Anonymity of bitcoin transactions},
  author={Moser, Malte},
  year={2013},
   howpublished = "\url{https://www.wi.uni-muenster.de/sites/wi/files/public/department/itsecurity/mbc13/mbc13-moeser-paper.pdf}",
}


@misc{bancorwhitepaper,
    month =        {March},
    year =         {2018},
    title       = "{Bancor Protocol: Continuous Liquidity for Cryptographic Tokens through their Smart Contracts}",
    howpublished = "\url{https://about.bancor.network/protocol/}",
}
@misc{tcrmike,
    month =        {July},
    year =         {2018},
    title       = "{Token-Curated Registries 1.0}",
  author={Mike Goldin},
    howpublished = "\url{
https://docs.google.com/document/d/1BWWC__-Kmso9b7yCI_R7ysoGFIT9D_sfjH3axQsmB6E/edit}",
}

@misc{plasmamvp1,
    month =        {July},
    year =         {2018},
    title       = "{Minimal Viable Plasma}",
  author={Vitalik Buterin},
    howpublished = "\url{https://ethresear.ch/t/minimal-viable-plasma/426}",
}

@misc{plasmamvp2,
    month =        {July},
    year =         {2018},
    title       = "{OmiseGO's research implementation of Minimal Viable Plasma}",
  author={OmiseGO},
    howpublished = "\url{https://github.com/omisego/plasma-mvp}",
}

@misc{plcrvoting,
    month =        {July},
    year =         {2018},
    title       = "{Partial Lock Commit Reveal Voting System that utilizes ERC20 Token Plasma}",
  author={Consensys},
    howpublished = "\url{https://github.com/ConsenSys/PLCRVoting}",
}


@misc{eip86,
    month =        {July},
    year =         {2018},
    title       = "{Proposed initial abstraction changes for Metropolis}",
  author={Vitalik Buterin},
    howpublished = "\url{https://github.com/ethereum/EIPs/issues/86}",
}

@article{pagano1993front,
  title={Front-running and stock market liquidity},
  author={Pagano, Marco and Roell, Ailsa},
  journal={V. CONTIi, \& R. HAMAUI i{\c{c}}inde},
  volume={1},
  pages={178--200},
  year={1993}
}
@misc{eip86research,
    month =        {July},
    year =         {2018},
    title       = "{Tradeoffs in Account Abstraction Proposalss}",
  author={Vitalik Buterin},
    howpublished = "\url{https://ethresear.ch/t/tradeoffs-in-account-abstraction-proposals/263}",
}

@misc{eoswhitepaper,
    month =        {July},
    year =         {2018},
    title       = "{EOS.IO Technical White Paper v2}",
    howpublished = "\url{https://github.com/EOSIO/Documentation/blob/master/TechnicalWhitePaper.md}",
}

@misc{neowhitepaper,
    month =        {July},
    year =         {2018},
    title       = "{NEO White Paper}",
    howpublished = "http://docs.neo.org/en-us/",
}
